%% This BibTeX bibliography file was created using BibDesk.
%% http://bibdesk.sourceforge.net/


%% Created for Kelsey at 2015-03-12 20:35:27 -0700 


%% Saved with string encoding Unicode (UTF-8) 



@article{Payne1971,
	Author = {H.J. Payne},
	Date-Added = {2015-03-13 03:22:28 +0000},
	Date-Modified = {2015-03-13 03:33:57 +0000},
	Journal = {Math. Models Publ. Sys.},
	Number = {1},
	Pages = {51-61},
	Title = {Models of freeway traffic and control.},
	Volume = {Simul. Council Proc. 28},
	Year = {1971}}

@book{Whitham1974,
	Address = {New York},
	Author = {G.B. Whitham},
	Date-Added = {2015-03-13 03:21:06 +0000},
	Date-Modified = {2015-03-13 03:35:21 +0000},
	Publisher = {Wiley-Interscience},
	Series = {Pure and Applied Math},
	Title = {Linear and nonlinear waves.},
	Year = {1974}}

@article{Richards1956,
	Author = {P.I. Richards},
	Date-Added = {2015-03-13 03:19:06 +0000},
	Date-Modified = {2015-03-13 03:34:56 +0000},
	Journal = {Oper. Res.},
	Pages = {42-51},
	Title = {Shockwaves on the highway.},
	Volume = {4},
	Year = {1956}}

@article{Lighthill1955,
	Author = {M.J. Lighthill and G.B. Whitham},
	Date-Added = {2015-03-13 03:17:05 +0000},
	Date-Modified = {2015-03-13 03:34:36 +0000},
	Journal = {Proc. Royal Soc. London Ser. A},
	Pages = {281-316},
	Title = {On kinematic waves. I: Flow movement in long rivers. II: A theory of traffic flow on long crowded roads.},
	Volume = {229},
	Year = {1955}}

@article{Daganzo1995,
	Author = {Carlos F. Daganzo},
	Journal = {Transportation Research Part B: Methodological},
	Number = {4},
	Optpages = {277--286},
	Title = {Requiem for Second-Order Fluid Approximations of Traffic Flow},
	Volume = {29},
	Year = {1995}}

@article{AwRascle2000,
	Author = {A. Aw and M. Rascle},
	Journal = {SIAM Journal of Applied Math},
	Number = {3},
	Pages = {916--938},
	Title = {Resurrection of ``Second Order'' Models of Traffic Flow},
	Volume = {60},
	Year = {2000}}

@book{LeVeque2002,
	Author = {Randall J. LeVeque},
	Publisher = {Cambridge University Press},
	Title = {Finite Volume Methods for Hyperbolic Problems},
	Year = {2002}}
