@Article{Daganzo1995,
author = {Carlos F. Daganzo},
title = {Requiem for Second-Order Fluid Approximations of Traffic Flow},
journal = {Transportation Research Part B: Methodological},
year = {1995},
volume = {29},
number = {4},
OPTpages = {277–286}
}
@Article{AwRascle2000,
author = {A. Aw and M. Rascle},
title = {Resurrection of "Second Order" Models of Traffic Flow},
journal = {SIAM Journal of Applied Math},
year = {2000},
volume = {60},
number = {3},
pages = {916–938},
}

